@article{ore1949three,
  title={Three-photon annihilation of an electron-positron pair},
  author={Ore, Aadne and Powell, JL},
  journal={Physical Review},
  volume={75},
  number={11},
  pages={1696},
  year={1949},
  publisher={APS}
}
